@article{kamble2021risk,
  author = {Kamble, S. S. and Deshmukh, P. B.},
  title = {Risk factors for Buruli ulcer in a referral mission hospital},
  journal = {SciSpace},
  year = {2021}
}

@article{rakotoarivony2019emerging,
  author = {Rakotoarivony, I. M. and et al.},
  title = {Emerging pathogens: The plague in Madagascar},
  journal = {SciSpace},
  year = {2019}
}

@article{kumari2020incidence,
  author = {Kumari, A. and et al.},
  title = {Incidence and management of infections in patients with chronic conditions},
  journal = {SciSpace},
  year = {2020}
}

